%---------------------------------------------------------------------------%
%-                                                                         -%
%-                             Bibliography                                -%
%-                                                                         -%
%---------------------------------------------------------------------------%
@article{HiggsdiscoveryAtlas,
      author         = "Aad, G. and others",
      title          = "{Observation of a new particle in the search for the standard model Higgs boson with the ATLAS detector at the LHC}",
      collaboration  = "ATLAS",
      journal        = "Phys. Lett. B",
      volume         = "716",
      pages          = "1",
      doi            = "10.1016/j.physletb.2012.08.020",
      year           = "2012",
      eprint         = "1207.7214",
      archivePrefix  = "arXiv",
      primaryClass   = "hep-ex",
      SLACcitation   = "%%CITATION = ARXIV:1207.7214;%%",
}

@article{Chatrchyan:2012ufa,
      author         = "Chatrchyan, Serguei and others",
      title          = "{Observation of a new boson at a mass of 125 GeV with the
                        CMS experiment at the LHC}",
      collaboration  = "CMS",
      journal        = "Phys. Lett. B",
      volume         = "716",
      pages          = "30",
      doi            = "10.1016/j.physletb.2012.08.021",
      year           = "2012",
      eprint         = "1207.7235",
      archivePrefix  = "arXiv",
      primaryClass   = "hep-ex",
      SLACcitation   = "%%CITATION = ARXIV:1207.7235;%%",
}

@article{Chatrchyan:2013lba,
	DOI=	"10.1007/JHEP06(2013)081",
	SLACCITATION=	"%%CITATION = ARXIV:1303.4571;%%",
	TITLE=	"Observation of a new boson with mass near 125 {GeV} in pp collisions at $\sqrt{s}$ = 7 and 8 {TeV}",
	AUTHOR=	"{Chatrchyan, Serguei and others}",
	collaboration  = "CMS",
	PAGES=	"081",
	VOLUME=	"06",
	REPORTNUMBER=	"CMS-HIG-12-036, CERN-PH-EP-2013-035",
	EPRINT=	"1303.4571",
	PRIMARYCLASS=	"hep-ex",
	YEAR=	"2013",
	ARCHIVEPREFIX=	"arXiv",
	JOURNAL=	"JHEP",
}

@article{Hgg_properties_13_v2,
    author = "Chatrchyan, Serguei and others",
    collaboration = "CMS",
    title = "{Measurements of Higgs boson production cross sections and couplings in the diphoton decay channel at $\sqrt{s}=13$ TeV}",
    eprint = "2103.06956",
    archivePrefix = "arXiv",
    primaryClass = "hep-ex",
    reportNumber = "CMS-HIG-19-015, CERN-EP-2021-038",
    doi = "10.1007/JHEP07(2021)027",
    journal = "JHEP",
    volume = "07",
    pages = "027",
    year = "2021"
}

@article{Hzz_xsec_13,
    author = "Chatrchyan, Serguei and others",
    collaboration = "CMS",
    title = "{Measurements of production cross sections of the Higgs boson in the four-lepton final state in proton-proton collisions at $\sqrt{s}=13$ TeV}",
    eprint = "2103.04956",
    archivePrefix = "arXiv",
    primaryClass = "hep-ex",
    reportNumber = "CMS-HIG-19-001, CERN-EP-2021-016",
    doi = "10.1140/epjc/s10052-021-09200-x",
    journal = "Eur. Phys. J. C",
    volume = "81",
    pages = "488",
    year = "2021"
}

@article{Hzz_xsec_13_v2,
    author = "Chatrchyan, Serguei and others",
    collaboration = "CMS",
    title = "{Measurements of properties of the Higgs boson decaying into the four-lepton final state in pp collisions at $\sqrt{s}=13$ TeV}",
    eprint = "1706.09936",
    archivePrefix = "arXiv",
    primaryClass = "hep-ex",
    reportNumber = "CMS-HIG-16-041, CERN-EP-2017-123",
    doi = "10.1007/JHEP11(2017)047",
    journal = "Eur. Phys. J. C",
    volume = "11",
    pages = "047",
    year = "2017"
}

@article{ttH_13,
    author = "Chatrchyan, Serguei and others",
    collaboration = "CMS",
    title = "{Measurement of the Higgs boson production rate in association with top quarks in final states with electrons, muons, and hadronically decaying tau leptons at $\sqrt{s}=13$ TeV}",
    eprint = "2011.03652",
    archivePrefix = "arXiv",
    primaryClass = "hep-ex",
    reportNumber = "CMS-HIG-19-008, CERN-EP-2020-200",
    doi = "10.1140/epjc/s10052-021-09014-x",
    journal = "Eur. Phys. J. C",
    volume = "81",
    pages = "378",
    year = "2021"
}

@article{ttH_13_v2,
    author = "Chatrchyan, Serguei and others",
    collaboration = "CMS",
    title = "{Measurements of $t\bar{t}$H production and the CP structure of the Yukawa interaction between the Higgs boson and the top quark in the diphoton decay channel}",
    eprint = "2003.10866",
    archivePrefix = "arXiv",
    primaryClass = "hep-ex",
    reportNumber = "CMS-HIG-19-013, CERN-EP-2020-028",
    doi = "10.1103/PhysRevLett.125.061801",
    journal = "Phys. Rev. Lett.",
    volume = "125",
    pages = "061801",
    year = "2020"
}

@article{Hww_diff_13,
    author = "Chatrchyan, Serguei and others",
    collaboration = "CMS",
    title = "{Measurement of the inclusive and differential Higgs boson production cross sections in the leptonic WW decay mode at $\sqrt{s}=13$ TeV}",
    eprint = "2007.01984",
    archivePrefix = "arXiv",
    primaryClass = "hep-ex",
    reportNumber = "CMS-HIG-19-002, CERN-EP-2020-106",
    doi = "10.1007/JHEP03(2021)003",
    journal = "JHEP",
    volume = "03",
    pages = "003",
    year = "2021"
}

@article{CMS_mass,
    author = "Chatrchyan, Serguei and other",
    collaboration = "CMS",
    title = "{A measurement of the Higgs boson mass in the diphoton decay channel}",
    eprint = "2002.06398",
    archivePrefix = "arXiv",
    primaryClass = "hep-ex",
    reportNumber = "CMS-HIG-19-004, CERN-EP-2020-004",
    doi = "10.1016/j.physletb.2020.135425",
    journal = "Phys. Lett. B",
    volume = "805",
    pages = "135425",
    year = "2020"
}

@article{ATLAS_mass,
    author = "Aaboud, Morad and others",
    collaboration = "ATLAS",
    title = "{Measurement of the Higgs boson mass in the $H\rightarrow ZZ^* \rightarrow 4\ell$ and $H \rightarrow \gamma\gamma$ channels with $\sqrt{s}=13$ TeV $pp$ collisions using the ATLAS detector}",
    eprint = "1806.00242",
    archivePrefix = "arXiv",
    primaryClass = "hep-ex",
    reportNumber = "CERN-EP-2018-085",
    doi = "10.1016/j.physletb.2018.07.050",
    journal = "Phys. Lett. B",
    volume = "784",
    pages = "345",
    year = "2018"
}

@article{ATLAS_xsec,
    author = "Aaboud, M. and others",
    collaboration = "ATLAS",
    title = "{Combined measurement of differential and total cross sections in the $H \rightarrow \gamma \gamma$ and the $H \rightarrow ZZ^* \rightarrow 4\ell$ decay channels at $\sqrt{s} = 13$ TeV with the ATLAS detector}",
    eprint = "1805.10197",
    archivePrefix = "arXiv",
    primaryClass = "hep-ex",
    reportNumber = "CERN-EP-2018-080",
    doi = "10.1016/j.physletb.2018.09.019",
    journal = "Phys. Lett. B",
    volume = "786",
    pages = "114",
    year = "2018"
}

@article{Aaboud:2017vzb,
    author = "Aaboud, Morad and others",
    collaboration = "ATLAS",
    title = "{Measurement of the Higgs boson coupling properties in the $H\rightarrow ZZ^{*} \rightarrow 4\ell$ decay channel at $\sqrt{s}$ = 13 TeV with the ATLAS detector}",
    eprint = "1712.02304",
    archivePrefix = "arXiv",
    primaryClass = "hep-ex",
    reportNumber = "CERN-EP-2017-206",
    doi = "10.1007/JHEP03(2018)095",
    journal = "JHEP",
    volume = "03",
    pages = "095",
    year = "2018"
}


@article{Khachatryan:2016vau,
    collaboration = "ATLAS and CMS",
    author = "Aaboud, Morad and others",
    title = "{Measurements of the Higgs boson production and decay rates and constraints on its couplings from a combined ATLAS and CMS analysis of the LHC pp collision data at $ \sqrt{s}=7 $ and 8 TeV}",
    eprint = "1606.02266",
    archivePrefix = "arXiv",
    primaryClass = "hep-ex",
    reportNumber = "CERN-EP-2016-100, ATLAS-HIGG-2015-07, CMS-HIG-15-002",
    doi = "10.1007/JHEP08(2016)045",
    journal = "JHEP",
    volume = "08",
    pages = "045",
    year = "2016"
}

@article{Sirunyan:2018koj,
    author = "Sirunyan, Albert M and others",
    collaboration = "CMS",
    title = "{Combined measurements of Higgs boson couplings in proton\textendash{}proton collisions at $\sqrt{s}=13\,\text {Te}\text {V} $}",
    eprint = "1809.10733",
    archivePrefix = "arXiv",
    primaryClass = "hep-ex",
    reportNumber = "CMS-HIG-17-031, CERN-EP-2018-263",
    doi = "10.1140/epjc/s10052-019-6909-y",
    journal = "Eur. Phys. J. C",
    volume = "79",
    pages = "421",
    year = "2019"
}

@article{PhysRevLett.119.031802,
    author = "Bauer, Martin and Neubert, Matthias and Thamm, Andrea",
    title = "{LHC as an axion factory: probing an axion explanation for $(g-2)_\mu$ with exotic Higgs decays}",
    eprint = "1704.08207",
    archivePrefix = "arXiv",
    primaryClass = "hep-ph",
    doi = "10.1103/PhysRevLett.119.031802",
    journal = "Phys. Rev. Lett.",
    volume = "119",
    pages = "031802",
    year = "2017"
}

@article{Bauer:2017ris,
      author         = "Bauer, Martin and Neubert, Matthias and Thamm, Andrea",
      title          = "{Collider probes of axion-like particles}",
      journal        = "JHEP",
      volume         = "12",
      year           = "2017",
      pages          = "044",
      doi            = "10.1007/JHEP12(2017)044",
      eprint         = "1708.00443",
      archivePrefix  = "arXiv",
      primaryClass   = "hep-ph",
      reportNumber   = "MITP-17-047",
      SLACcitation   = "%%CITATION = ARXIV:1708.00443;%%"
}

@techreport{Dittmaier:2011ti,
        Archiveprefix = {arXiv},
        Author = {{LHC Higgs Cross Section Working Group} and Dittmaier, S. and others},
        Eprint = {1101.0593},
        Number = {CERN-2011-002},
        Primaryclass = {hep-ph},
        Title = {Handbook of {LHC} {H}iggs Cross Sections: 1. {I}nclusive Observables},
        Type = {CERN Report},
        doi = "10.5170/CERN-2011-002",
        Year = {2011},
}

@article{Hinv,
	DOI=	"10.48550/arXiv.2201.11585",
	TITLE=	"Search for invisible decays of the Higgs boson produced via vector boson fusion in proton-proton collisions at $\sqrt{s}$ = 13 {TeV}",
	collaboration  = "CMS",
	REPORTNUMBER=	"CMS-HIG-20-003, CERN-EP-2021-273",
	EPRINT=	"2201.11585",
	PRIMARYCLASS=	"hep-ex",
	YEAR=	"2022",
    volume = {105},
	ARCHIVEPREFIX=	"arXiv",
	JOURNAL=	"Phys. Lett. D",
}

@article{abi2021measurement,
  title={Measurement of the positive muon anomalous magnetic moment to 0.46 ppm},
  author={Abi, Babak and Albahri, T and Al-Kilani, S and Allspach, D and Alonzi, LP and Anastasi, A and Anisenkov, A and Azfar, F and Badgley, K and Bae{\ss}ler, S and others},
  journal={Physical Review Letters},
  volume={126},
  number={14},
  pages={141801},
  year={2021},
  publisher={APS},
  doi = "10.1103/PhysRevLett.126.141801"
}

@article{aad2021measurement,
  author={Aad, G. and others},
  collaboration  = "ATLAS",
  title={Measurement of light-by-light scattering and search for axion-like particles with 2.2 $\mathrm{nb}^{-1}$ of {Pb+Pb} data with the {ATLAS} detector},
  journal={Journal of High Energy Physics},
  volume={2021},
  pages={45},
  year={2021},
  doi       = "10.1007/JHEP03(2021)243",
  publisher={Springer}
}

@article{sirunyan2019evidence,
  title="{Evidence for light-by-light scattering and searches for axion-like particles in ultraperipheral PbPb collisions at $\sqrt{s_{NN}}$ = 5.02 TeV}",
  author={Sirunyan and others},
  journal={Physics Letters B},
  volume={797},
  pages={134826},
  year={2019},
  doi = "10.1016/j.physletb.2019.134826",
  publisher={Elsevier}
}

@article{cms2022search,
     Collaboration  = "CMS",
     TITLE        = "Search for exotic Higgs boson decays $H\rightarrow aa\rightarrow 4\gamma$ with events containing two merged diphotons in proton-proton collisions at $\sqrt{s} = 13~\mathrm{TeV}$",
     JOURNAL      = "Phys. Rev. Lett.",
     YEAR         = "2022",
     pages        = "10",
     doi       = "10.48550/arXiv.2209.06197",
     eprint         = "2209.06197",
     archivePrefix  = "arXiv",
     primaryClass   = "hep-ex"

}

@misc{atlas2022search,
  title="{Search for boosted diphoton resonances in the 10 to 70 GeV mass range using 138 fb$^{-1}$ of 13$~\mathrm{TeV}$ pp collisions with the {ATLAS} detector}", 
      collaboration  = "ATLAS",
      year={2022},
      eprint={2211.04172},
      archivePrefix={arXiv},
      doi = "10.48550/arXiv.2211.04172",
      primaryClass={hep-ex}
}

@misc{CMS_ALP_1,
     title={Search for the exotic decay of the {Higgs} boson into two light pseudoscalars with four photons in the final state in proton-proton collisions at $\sqrt{s} = 13~\mathrm{TeV}$}, 
      collaboration  = "CMS",
      journal={Journal of High Energy Physics},
      year={2022},
      eprint={2208.01469},
      archivePrefix={arXiv},
      primaryClass={hep-ex},
      url="https://doi.org/10.48550/arXiv.2208.01469",
}

@ARTICLE{CMS_ALP_3,
     collaboration  = "CMS",
     TITLE        = "Search for low-mass dilepton resonances in Higgs boson decays to four-lepton final states in proton-proton collisions at $\sqrt{s} = 13~\mathrm{TeV}$",
     JOURNAL      = "EPJC",
     YEAR         = "2021",
     pages        = "36",
     doi       = "10.48550/arXiv.2111.01299",
     eprint         = "2111.01299",
     archivePrefix  = "arXiv",
     primaryClass   = "hep-ex"}


@article{agostinelli2003geant4,
    author = "Agostinelli, S. and others",
    collaboration = "GEANT4",
    title = "{GEANT4: a simulation toolkit}",
    reportNumber = "SLAC-PUB-9350, FERMILAB-PUB-03-339",
    doi = "10.1016/S0168-9002(03)01368-8",
    journal = "Nucl. Instrum. Meth. A",
    volume = "506",
    pages = "250",
    year = "2003"
}

@article{1610988,
    author = "Allison, John and others",
    title = "{Geant4 developments and applications}",
    reportNumber = "SLAC-PUB-11870",
    doi = "10.1109/TNS.2006.869826",
    journal = "IEEE Trans. Nucl. Sci.",
    volume = "53",
    pages = "270",
    year = "2006"
}

@article{Khachatryan:2016bia,
      author         = "Khachatryan, Vardan and others",
      title              = "{The CMS trigger system}",
      collaboration  = "CMS",
      journal        = "JINST",
      volume         = "12",
      pages          = "P01020",
      doi            = "10.1088/1748-0221/12/01/P01020",
      year           = "2017",
      eprint         = "1609.02366",
      archivePrefix  = "arXiv",
      primaryClass   = "physics.ins-det",
      reportNumber   = "CMS-TRG-12-001, CERN-EP-2016-160",
      SLACcitation   = "%%CITATION = ARXIV:1609.02366;%%"
}


@article{bellm2016herwig,
  title={Herwig 7.0/Herwig++ 3.0 release note},
  author={Bellm, Johannes and Gieseke, Stefan and Grellscheid, David and Pl{\"a}tzer, Simon and Rauch, Michael and Reuschle, Christian and Richardson, Peter and Schichtel, Peter and Seymour, Michael H and Si{\'o}dmok, Andrzej and others},
  journal={The European Physical Journal C},
  volume={76},
  pages={1--8},
  year={2016},
  doi       = "10.1140/epjc/s10052-016-4018-8",
  publisher={Springer}
}

@article{Sjostrand:2014zea,
      author         = "Sj{\"o}strand, Torbj{\"o}rn and Ask, Stefan and Christiansen,
                        Jesper R. and Corke, Richard and Desai, Nishita and Ilten,
                        Philip and Mrenna, Stephen and Prestel, Stefan and
                        Rasmussen, Christine O. and Skands, Peter Z.",
      title          = "{An introduction to PYTHIA 8.2}",
      journal        = "Comput. Phys. Commun.",
      volume         = "191",
      year           = "2015",
      pages          = "159",
      doi            = "10.1016/j.cpc.2015.01.024",
      eprint         = "1410.3012",
      archivePrefix  = "arXiv",
      primaryClass   = "hep-ph",
      reportNumber   = "LU-TP-14-36, MCNET-14-22, CERN-PH-TH-2014-190,
                        FERMILAB-PUB-14-316-CD, DESY-14-178, SLAC-PUB-16122",
      SLACcitation   = "%%CITATION = ARXIV:1410.3012;%%"
}

@article{Khachatryan:2015pea,
      author         = "Khachatryan, Vardan and others",
      title          = "{Event generator tunes obtained from underlying event and
                        multiparton scattering measurements}",
      collaboration  = "CMS",
      journal        = "Eur. Phys. J. C",
      volume         = "76",
      year           = "2016",
      pages          = "155",
      doi            = "10.1140/epjc/s10052-016-3988-x",
      eprint         = "1512.00815",
      archivePrefix  = "arXiv",
      primaryClass   = "hep-ex",
      reportNumber   = "CMS-GEN-14-001, CERN-PH-EP-2015-291",
      SLACcitation   = "%%CITATION = ARXIV:1512.00815;%%"
}

@article{Sirunyan:2019dfx,
    author = "Sirunyan, Albert M and others",
    collaboration = "CMS",
    title = "{Extraction and validation of a new set of CMS PYTHIA8 tunes from underlying-event measurements}",
    eprint = "1903.12179",
    archivePrefix = "arXiv",
    primaryClass = "hep-ex",
    reportNumber = "CMS-GEN-17-001, CERN-EP-2019-007",
    doi = "10.1140/epjc/s10052-019-7499-4",
    journal = "Eur. Phys. J. C",
    volume = "80",
    pages = "4",
    year = "2020"
}


@article{sjostrand2008brief,
  title={A brief introduction to PYTHIA 8.1},
  author={Sj{\"o}strand, Torbj{\"o}rn and Mrenna, Stephen and Skands, Peter},
  journal={Computer Physics Communications},
  volume={178},
  number={11},
  pages={852--867},
  year={2008},
  doi       = "10.1016/j.cpc.2008.01.036",
  publisher={Elsevier}
}

@article{gleisberg2009event,
  title={Event generation with SHERPA 1.1},
  author={Gleisberg, Tanju and H{\"o}che, Stefan and Krauss, F and Sch{\"o}nherr, M and Schumann, S and Siegert, F and Winter, J},
  journal={Journal of High Energy Physics},
  volume={2009},
  number={02},
  pages={007},
  year={2009},
  doi       = "10.1088/1126-6708/2009/02/007",
  publisher={IOP Publishing}
}

@article{alioli2010general,
  title="{A general framework for implementing NLO calculations in shower Monte Carlo programs: the POWHEG BOX}",
  author={Alioli, Simone and Nason, Paolo and Oleari, Carlo and Re, Emanuele},
  journal={Journal of High Energy Physics},
  volume={2010},
  number={6},
  pages={1--58},
  year={2010},
  doi       = "10.1007/JHEP06(2010)043",
  publisher={Springer}
}

@article{alwall2014automated,
  title={The automated computation of tree-level and next-to-leading order differential cross sections, and their matching to parton shower simulations},
  author={Alwall, Johan and Frederix, R and Frixione, S and Hirschi, V and Maltoni, Fabio and Mattelaer, Olivier and Shao, H-S and Stelzer, T and Torrielli, P and Zaro, M},
  journal={Journal of High Energy Physics},
  volume={2014},
  number={7},
  pages={1--157},
  year={2014},
  doi       = "10.1007/JHEP07(2014)079",
  publisher={Springer}
}

@article{Alwall:2007fs,
      author         = "Alwall, J. and H{\"o}che, S. and Krauss, F. and
                        Lavesson, N. and L{\"o}nnblad, L. and Maltoni, F. and
                        Mangano, M. L. and Moretti, M. and Papadopoulos, C. G. and
                        Piccinini, F. and Schumann, S. and Treccani, M. and
                        Winter, J. and Worek, M.",
      title          = "Comparative study of various algorithms for the merging
                        of parton showers and matrix elements in hadronic
                        collisions",
      journal        = "Eur. Phys. J. C",
      volume         = "53",
      pages          = "473",
      doi            = "10.1140/epjc/s10052-007-0490-5",
      year           = "2008",
      eprint         = "0706.2569",
      archivePrefix  = "arXiv",
      primaryClass   = "hep-ph",
      reportNumber   = "SLAC-PUB-12604, CERN-PH-TH-2007-066, LU-TP-07-13,
                        KA-TP-06-2007, DCPT-07-62, IPPP-07-31",
      SLACcitation   = "%%CITATION = ARXIV:0706.2569;%%",
}

@article{Ball:2017nwa,
      author         = "Ball, Richard D. and others",
      title          = "{Parton distributions from high-precision collider data}",
      collaboration  = "NNPDF",
      journal        = "Eur. Phys. J. C",
      volume         = "77",
      year           = "2017",
      pages          = "663",
      doi            = "10.1140/epjc/s10052-017-5199-5",
      eprint         = "1706.00428",
      archivePrefix  = "arXiv",
      primaryClass   = "hep-ph",
      reportNumber   = "CAVENDISH-HEP-17-06, CERN-TH-2017-077, EDINBURGH-2017-08,
                        NIKHEF-2017-006, OUTP-17-04P, TIF-UNIMI-2017-3",
      SLACcitation   = "%%CITATION = ARXIV:1706.00428;%%"
}


@article{Frederix:2012ps,
      author         = "Frederix, Rikkert and Frixione, Stefano",
      title          = "{Merging meets matching in MC@NLO}",
      journal        = "JHEP",
      volume         = "12",
      year           = "2012",
      pages          = "061",
      doi            = "10.1007/JHEP12(2012)061",
      eprint         = "1209.6215",
      archivePrefix  = "arXiv",
      primaryClass   = "hep-ph",
      reportNumber   = "CERN-PH-TH-2012-247, ZU-TH-21-12",
      SLACcitation   = "%%CITATION = ARXIV:1209.6215;%%"
}


@article{adam2005reconstruction,
  title={Reconstruction of electrons with the Gaussian-sum filter in the CMS tracker at the LHC},
  author={Adam, Wolfgang and Fr{\"u}hwirth, R and Strandlie, Are and Todorov, T},
  journal={Journal of Physics G: Nuclear and Particle Physics},
  volume={31},
  number={9},
  pages={N9},
  year={2005},
  doi = "10.1088/0954-3899/31/9/N01",
  publisher={IOP Publishing}
}

@article{Sirunyan:2021fpv,
    author = "Sirunyan, Albert M and others",
    collaboration = "CMS",
    title = "{Constraints on anomalous Higgs boson couplings to vector bosons and fermions in its production and decay using the four-lepton final state}",
    doi = "10.1103/PhysRevD.104.052004",
    journal = "Phys. Rev. D",
    volume = "104",
    eprint = "2104.12152",
    archivePrefix = "arXiv",
    primaryClass = "hep-ex",
    reportNumber = "CMS-HIG-19-009, CERN-EP-2021-054",
    year = "2021",
    pages = "052004",
}

@article{PhysRevLett.38.1440,
  title = {$\mathrm{CP}$ Conservation in the Presence of Pseudoparticles},
  author = {Peccei, R. D. and Quinn, Helen R.},
  journal = {Phys. Rev. Lett.},
  volume = {38},
  pages = {1440},
  numpages = {0},
  year = {1977},
  publisher = {American Physical Society},
  doi = {10.1103/PhysRevLett.38.1440},
}

@ARTICLE{atlas_ALP_2,
      doi = {10.1103/PhysRevD.92.059903},
	year = {2015},
	publisher = {Springer Science and Business Media {LLC}},
	volume = {92},
	author = {Aad, G. and Anonymous},
      collaboration  = "ATLAS",
	title = {Search for new phenomena in events with a photon and missing transverse momentum in pp collisions at $\sqrt{s} = 13~\mathrm{TeV}$ with the {ATLAS} detector},
	journal = {Phys. Rev. D}
}

@ARTICLE{atlas_ALP_3,
     author={Aad, G. and others},
     collaboration  = "ATLAS",
     TITLE        = "Search for dark matter in association with an energetic photon in pp collisions at $\sqrt{s} = 13~\mathrm{TeV}$ with the {ATLAS} detector",
     JOURNAL      = "JHEP",
     YEAR         = "2020",
     volume={2021},
     pages        = "46",
     doi       = "10.48550/arXiv.2011.05259",
     eprint         = "2011.05259",
     archivePrefix  = "arXiv",
     primaryClass   = "hep-ex"}
     
@article{cmsHZZ,
  title={Measurements of production cross sections of the Higgs boson in the four-lepton final state in proton--proton collisions at $\sqrt{s} = 13~\mathrm{TeV}$},
  collaboration  = "CMS",
  journal={The European Physical Journal C},
  volume={81},
  year={2021},
  doi = "10.1140/epjc/s10052-021-09200-x",
  publisher={Springer}
}

@inproceedings{XGBoost,
  title = {XGBoost: A Scalable Tree Boosting System},
  author = {T. Chen and C. Guestrin},
  journal = {Proceedings of the 22Nd ACM SIGKDD International Conference on Knowledge Discovery and Data Mining},
  year = {2016},
  publisher = {KDD ’16. ACM, New York, NY, USA},
  doi = {10.1145/2939672.2939785},
  url = {https://dl.acm.org/doi/10.1145/2939672.2939785}
}

@article{Baldi_2016,
	doi = {10.1140/epjc/s10052-016-4099-4},
	year = 2016,
	publisher = {Springer Science and Business Media {LLC}},
	volume = {76},
	author = {Pierre Baldi and Kyle Cranmer and Taylor Faucett and Peter Sadowski and Daniel Whiteson},
	title = {Parameterized neural networks for high-energy physics},
	journal = {The European Physical Journal C}
}

@article{scikit-learn,
 title={Scikit-learn: Machine Learning in {P}ython},
 author={Pedregosa, F. and Varoquaux, G. and Gramfort, A. and Michel, V.
         and Thirion, B. and Grisel, O. and Blondel, M. and Prettenhofer, P.
         and Weiss, R. and Dubourg, V. and Vanderplas, J. and Passos, A. and
         Cournapeau, D. and Brucher, M. and Perrot, M. and Duchesnay, E.},
 journal={Journal of Machine Learning Research},
 volume={12},
url = {https://doi.org/10.48550/arXiv.1201.0490
Focus to learn more},
year={2011}
}

@TECHREPORT{gridcv,
  title =  "Scikit-learn manual - grid search CV",
  url = "http://scikit-learn.org/stable/modules/generated/sklearn.model_selection.GridSearchCV.html#sklearn.model_selection.GridSearchCV",
}

@article{Cowan:2010js,
    author = "Cowan, Glen and Cranmer, Kyle and Gross, Eilam and Vitells, Ofer",
    title = "{Asymptotic formulae for likelihood-based tests of new physics}",
    eprint = "1007.1727",
    archivePrefix = "arXiv",
    primaryClass = "physics.data-an",
    doi = "10.1140/epjc/s10052-011-1554-0",
    journal = "Eur. Phys. J. C",
    volume = "11",
    pages = "1554",
    year = "2011"
}

@article{likelihoodRatio,
    author = "Khachatryan, V. and others",
    collaboration = "CMS",
    title = "{Precise determination of the mass of the Higgs boson and tests of compatibility of its couplings with the standard model predictions using proton collisions at 7 and 8$~\mathrm{TeV}$}",
    eprint = "1412.8662",
    archivePrefix = "arXiv",
    primaryClass = "hep-ex",
    reportNumber = "CERN-PH-EP-2014-288",
    doi = "10.1140/epjc/s10052-015-3351-7",
    journal = "Eur. Phys. J. C",
    volume = "75",
    pages = "212",
    year = "2015"
}

@ARTICLE{DiscreteProfilingMethod,
	DOI=	"10.1088/1748-0221/10/04/P04015",
	SLACCITATION=	"%%CITATION = ARXIV:1408.6865;%%",
	TITLE=	"Handling uncertainties in background shapes: the discrete profiling method",
	JOURNAL=	"JINST",
	AUTHOR=	"Dauncey, P. D. and Kenzie, M. and Wardle, N. and Davies, G. J.",
	VOLUME=	"10",
	EPRINT=	"1408.6865",
	PRIMARYCLASS=	"physics.data-an",
	YEAR=	"2015",
	ARCHIVEPREFIX=	"arXiv",
	PAGES=	"P04015",
}

@article{CMS-PAS-LUM-17-001,
    collaboration = "CMS",
    title = "Precision luminosity measurement in proton-proton collisions at $\sqrt{s}=13~\mathrm{TeV}$ in 2015 and 2016",
    eprint = "2104.01927",
    archivePrefix = "arXiv",
    primaryClass = "hep-ex",
    reportNumber = "CERN-EP-2021-033, CMS-LUM-17-003",
    doi = "10.1140/epjc/s10052-021-09538-2",
    journal = "Eur. Phys. J. C",
    volume = "81",
    pages = "800",
    year = "2021"
}

@techreport{CMS-PAS-LUM-17-004,
      title         = "{CMS luminosity measurement for the 2017 Data-Taking period at $\sqrt{s} = 13~\mathrm{TeV}$}",
      institution   = "{CMS-PAS-LUM-17-004}",
      collaboration = "CMS",
      url           = "https://cds.cern.ch/record/2621960",
      type          = "{CMS Physics Analysis Summary}",
      reportNumber  = "CMS-PAS-LUM-17-004",
      year          = "2018",
}

@techreport{CMS-PAS-LUM-18-002,
      title         = "{CMS luminosity measurement for the 2018 Data-Taking period at $\sqrt{s} = 13~\mathrm{TeV}$}",
      institution   = "{CMS-PAS-LUM-18-002}",
      collaboration = "CMS",
      url           = "https://cds.cern.ch/record/2676164",
      type          = "{CMS Physics Analysis Summary}",
      reportNumber  = "CMS-PAS-LUM-18-002",
      year          = "2019",
}

@article{CMS:2020uim,
    author = "Sirunyan, Albert M and others",
    collaboration = "CMS",
    title = "{Electron and photon reconstruction and identification with the CMS experiment at the CERN LHC}",
    eprint = "2012.06888",
    archivePrefix = "arXiv",
    primaryClass = "hep-ex",
    reportNumber = "CMS-EGM-17-001, CERN-EP-2020-219",
    doi = "10.1088/1748-0221/16/05/P05014",
    journal = "JINST",
    volume = "16",
    pages = "P05014",
    year = "2021"
}

@article{Sirunyan:2018fpa,
    author = "Sirunyan, A. M. and others",
    collaboration = "CMS",
    title = "{Performance of the CMS muon detector and muon reconstruction with proton-proton collisions at $\sqrt{s}=13~\mathrm{TeV}$}",
    eprint = "1804.04528",
    archivePrefix = "arXiv",
    primaryClass = "physics.ins-det",
    reportNumber = "CMS-MUO-16-001, CERN-EP-2018-058",
    doi = "10.1088/1748-0221/13/06/P06015",
    journal = "JINST",
    volume = "13",
    pages = "P06015",
    year = "2018"
}

@Article{cite:l1,           
     author    = "Read, Alexander L.",
     title     = "{Presentation of search results: the $\mathrm{CL_{s}}$ technique}",
     journal   = "J. Phys. G",
     volume    = "28",
     year      = "2002",
     pages     = "2693",
     doi       = "10.1088/0954-3899/28/10/313",
     SLACcitation  = "%%CITATION = JPHGB,G28,2693;%%"
}


@Article{cite:l2,        
     author    = "Junk, Thomas",
     title     = "{Confidence level computation for combining searches with
                  small statistics}",
     journal   = "Nucl. Instrum. Meth. A",
     volume    = "434",
     year      = "1999",
     pages     = "435",
     eprint    = "hep-ex/9902006",
     archivePrefix = "arXiv",
     doi       = "10.1016/S0168-9002(99)00498-2",
     SLACcitation  = "%%CITATION = HEP-EX/9902006;%%"
}

@TECHREPORT{cite:l3,                 
      title = "Procedure for the {LHC} {Higgs} boson search combination in {Summer} 2011",
      author = "{ATLAS and CMS Collaborations, and LHC Higgs Combination Group}",
      number = "CMS-NOTE-2011-005, ATL-PHYS-PUB-2011-11",
      year = "2011",
      reportNumber = "CMS-NOTE-2011-005",
      url = "https://cds.cern.ch/record/1379837"
}

@article{cowan2011asymptotic,
  author = "Cowan, Glen and Cranmer, Kyle and Gross, Eilam and Vitells, Ofer",
    title = "{Asymptotic formulae for likelihood-based tests of new physics}",
    eprint = "1007.1727",
    archivePrefix = "arXiv",
    primaryClass = "physics.data-an",
    doi = "10.1140/epjc/s10052-011-1554-0",
    journal = "Eur. Phys. J. C",
    volume = "71",
    pages = "1554",
    year = "2011",
    note = "[Erratum: Eur.Phys.J.C 73, 2501 (2013)]"
}

@article{ParticleDataGroup:2020ssz,
    author = "Zyla, P. A. and others",
    collaboration = "Particle Data Group",
    title = "{Review of Particle Physics}",
    doi = "10.1093/ptep/ptaa104",
    journal = "PTEP",
    volume = "2020",
    number = "8",
    pages = "083C01",
    year = "2020"
}%---------------------------------------------------------------------------%

@article{Acar_2022,
doi = {10.1088/1748-0221/17/05/P05022},
year = {2022},
month = {may},
publisher = {IOP Publishing},
volume = {17},
number = {05},
pages = {P05022},
collaboration = {CMS HGCAL collaboration},
title = {Response of a CMS HGCAL silicon-pad electromagnetic calorimeter prototype to 20–300 GeV positrons},
journal = {Journal of Instrumentation}
}

@article{Elmetenawee:2020emw,
    author = "Elmetenawee, Walaa",
    collaboration = "CMS",
    title = "{CMS track reconstruction performance during Run 2 and developments for Run 3}",
    eprint = "2012.07035",
    archivePrefix = "arXiv",
    primaryClass = "physics.ins-det",
    doi = "10.22323/1.390.0733",
    journal = "PoS",
    volume = "ICHEP2020",
    pages = "733",
    year = "2021"
}

@article{PhysRev.96.191,
  title = {Conservation of Isotopic Spin and Isotopic Gauge Invariance},
  author = {Yang, C. N. and Mills, R. L.},
  journal = {Phys. Rev.},
  volume = {96},
  issue = {1},
  pages = {191--195},
  numpages = {0},
  year = {1954},
  month = {Oct},
  publisher = {American Physical Society},
  doi = {10.1103/PhysRev.96.191},
  url = {https://link.aps.org/doi/10.1103/PhysRev.96.191}
}
@article{PhysRevLett.13.321,
  title = {Broken Symmetry and the Mass of Gauge Vector Mesons},
  author = {Englert, F. and Brout, R.},
  journal = {Phys. Rev. Lett.},
  volume = {13},
  issue = {9},
  pages = {321--323},
  numpages = {0},
  year = {1964},
  month = {Aug},
  publisher = {American Physical Society},
  doi = {10.1103/PhysRevLett.13.321},
  url = {https://link.aps.org/doi/10.1103/PhysRevLett.13.321}
}

@misc{brout1998spontaneous,
      title={Spontaneous Symmetry Breaking in Gauge Theories: a Historical Survey}, 
      author={R. Brout and F. Englert},
      year={1998},
      eprint={hep-th/9802142},
      archivePrefix={arXiv},
      primaryClass={hep-th},
      url="https://doi.org/10.48550/arXiv.hep-th/9802142",
}

@article{PhysRevLett.13.508,
  title = {Broken Symmetries and the Masses of Gauge Bosons},
  author = {Higgs, Peter W.},
  journal = {Phys. Rev. Lett.},
  volume = {13},
  issue = {16},
  pages = {508--509},
  numpages = {0},
  year = {1964},
  month = {Oct},
  publisher = {American Physical Society},
  doi = {10.1103/PhysRevLett.13.508},
  url = {https://link.aps.org/doi/10.1103/PhysRevLett.13.508}
}

@article{PhysRevLett.85.1158,
  title = {Fuzzy Cold Dark Matter: The Wave Properties of Ultralight Particles},
  author = {Hu, Wayne and Barkana, Rennan and Gruzinov, Andrei},
  journal = {Phys. Rev. Lett.},
  volume = {85},
  issue = {6},
  pages = {1158--1161},
  numpages = {0},
  year = {2000},
  month = {Aug},
  publisher = {American Physical Society},
  doi = {10.1103/PhysRevLett.85.1158},
  url = {https://link.aps.org/doi/10.1103/PhysRevLett.85.1158}
}
@article{Boyarsky_2019,
	doi = {10.1016/j.ppnp.2018.07.004},
  
	url = {https://doi.org/10.1016%2Fj.ppnp.2018.07.004},
  
	year = 2019,
	month = {jan},
  
	publisher = {Elsevier {BV}
},
  
	volume = {104},
  
	pages = {1--45},
  
	author = {A. Boyarsky and M. Drewes and T. Lasserre and S. Mertens and O. Ruchayskiy},
  
	title = {Sterile neutrino Dark Matter},
  
	journal = {Progress in Particle and Nuclear Physics}
}

@ARTICLE{1966PThPh..36.1266M,
       author = {{Miyazawa}, H.},
        title = "{Baryon Number Changing Currents}",
      journal = {Progress of Theoretical Physics},
         year = 1966,
        month = dec,
       volume = {36},
       number = {6},
        pages = {1266-1276},
          doi = {10.1143/PTP.36.1266},
       adsurl = {https://ui.adsabs.harvard.edu/abs/1966PThPh..36.1266M},
      adsnote = {Provided by the SAO/NASA Astrophysics Data System}
}
@misc{rizzo2004pedagogical,
      title={Pedagogical Introduction to Extra Dimensions}, 
      author={Thomas G. Rizzo},
      year={2004},
      eprint={hep-ph/0409309},
      archivePrefix={arXiv},
      primaryClass={hep-ph},
      url="https://doi.org/10.48550/arXiv.hep-ph/0409309",
}

@article{Criado_2021,
	doi = {10.1007/jhep07(2021)081},
  
	url = {https://doi.org/10.1007%2Fjhep07%282021%29081},
  
	year = 2021,
	month = {jul},
  
	publisher = {Springer Science and Business Media {LLC}
},
  
	volume = {2021},
  
	number = {7},
  
	author = {Juan Carlos Criado and Abdelhak Djouadi and Manuel P{\'{e}}rez-Victoria and Jos{\'{e}} Santiago},
  
	title = {A complete effective field theory for dark matter},
  
	journal = {Journal of High Energy Physics}
}

@article{Jungman_1996,
	doi = {10.1016/0370-1573(95)00058-5},
  
	year = 1996,
	month = {mar},
  
	publisher = {Elsevier {BV}},
  
	volume = {267},
  
	number = {5-6},
  
	pages = {195--373},
  
	author = {Gerard Jungman and Marc Kamionkowski and Kim Griest},
  
	title = {Supersymmetric dark matter},
  
	journal = {Physics Reports}
}

@article{PhysRevLett.84.3760,
  title = {Observational Evidence for Self-Interacting Cold Dark Matter},
  author = {Spergel, David N. and Steinhardt, Paul J.},
  journal = {Phys. Rev. Lett.},
  volume = {84},
  issue = {17},
  pages = {3760--3763},
  numpages = {0},
  year = {2000},
  month = {Apr},
  publisher = {American Physical Society},
  doi = {10.1103/PhysRevLett.84.3760},
  url = {https://link.aps.org/doi/10.1103/PhysRevLett.84.3760}
}

@article{Bandyopadhyay_2019,
	doi = {10.1103/physrevd.100.076021},
  
	url = {https://doi.org/10.1103%2Fphysrevd.100.076021},
  
	year = 2019,
	month = {oct},
  
	publisher = {American Physical Society ({APS})},
  
	volume = {100},
  
	number = {7},
  
	author = {Aritra Bandyopadhyay and Ricardo L. S. Farias and Bruno S. Lopes and Rudnei O. Ramos},
  
	title = {Quantum chromodynamics axion in a hot and magnetized medium},
  
	journal = {Physical Review D}
}

@TECHREPORT{particlephys,
  title =  "Particle physics",
  url = "https://en.wikipedia.org/wiki/Particle_physics",
}

@TECHREPORT{LHC,
  title =  "{Large Hadron Collider}",
  url = "https://simple.wikipedia.org/wiki/Large_Hadron_Collider",
}

@thesis{accelerator,
      author        = "Berretti, Mirko",
      title         = "{Development of reconstruction algorithms for inelastic processes studies in the TOTEM experiment at LHC}",
      year          = "2008",
      url           = "https://cds.cern.ch/record/1472954",
      note          = "Presented 04 Jul 2008",
}

@inproceedings{Sakuma:2665537,
      title={Cutaway diagrams of CMS detector},
  author={Sakuma, Tai},
  booktitle={J. Phys.: Conf. Ser. 513 022032},
  number={CMS-OUTREACH-2019-001},
  year={2019},
      url           = "https://cds.cern.ch/record/2665537",
}

@thesis{Bauer:1308713,
      author        = "Bauer, Julia",
      title         = "{Prospects for the Observation of Electroweak Top Quark
                       Production with the CMS Experiment. Perspektiven zur
                       Beobachtung der elektroschwachen Produktion einzelner
                       Top-Quarks mit dem CMS Experiment}",
      year          = "2010",
      url           = "http://cds.cern.ch/record/1308713",
      note          = "Presented on 7 May 2010",
}

@article{ECAl,
author = {Thuillier, T. and Curdy, J. and Lamy, T. and Lachaize, A. and Ponton, Aurélien and Sole, P. and Sortais, Pascal and Vieux-Rochaz, J.},
year = {2005},
month = {03},
pages = {},
title = "{High current beam transport with Phoenix 28 GHz : experiment and simulation}",
volume = {749},
journal = {AIP Conference Proceedings},
doi = {10.1063/1.1893364}
}

@phdthesis{phdthesis,
author = {Elashri, Mohamed},
year = {2017},
month = {06},
pages = {},
title = "{Strip hit resolution of CMS Tracker analysis}",
doi = {10.13140/RG.2.2.11136.84480}
}

@TECHREPORT{Magnet,
  title =  "CMS solenoid magnet",
  url = "https://newsline.linearcollider.org/2011/05/05/one-hundred-years-of-superconductivity/cms-solenoid-magnet/",
}

@article{MuonSystem,
author = {Lee, Kwan and Cho, S.W. and Choi, S.Y. and Hong, Beixue and Go, Yunsun and Kang, M.H. and Lim, J.H. and Park, Sangho and Cimmino, Anna and Crucy, Shannon and Fagot, Alexis and Gul, Mazlum and Tytgat, Michael and Zaganidis, Nikolaos and Aly, Soher and Assran, Yasser and Radi, Amr and Sayed, A. and Vaitkus, Juozas},
year = {2016},
month = {08},
pages = {C08008-C08008},
title = "{Radiation tests of real-sized prototype RPCs for the Phase-2 Upgrade of the CMS Muon System}",
volume = {11},
journal = {Journal of Instrumentation},
doi = {10.1088/1748-0221/11/08/C08008}
}

@phdthesis{Guiducci:1027479,
      author        = "Gonzalez, Barbara Alvarez",
      collaboration = "CMS",
      title         = "{CMS Muon Drift Tubes HL-LHC Slice Test}",
      archivePrefix = "arXiv",
      eprint        = "2110.15052",
      year          = "2021",
      url           = "https://cds.cern.ch/record/2790742",
}

@article{RPC,
author = {Park, S and Choi, Sang and Hong, Beixue and Jeng, Y and Kang, Minsung and Lee, Kwan and Sim, kok swee and Colaleo, Anna and Pugliese, Gabriella and Loddo, F. and Calabria, Cesare and Maggi, M and Verwillingen, P and Berzano, Umberto M. R. and Carrillo, C and Alexandrov, Andrey and Genchev, Vladimir and Iaydjiev, Plamen and Rodozov, Mircho and Sultanov, G},
year = {2012},
month = {11},
pages = {P11013},
title = "{CMS endcap RPC gas gap production for upgrade}",
volume = {7},
journal = {Journal of Instrumentation},
doi = {10.1088/1748-0221/7/11/P11013}
}

@TECHREPORT{CSC,
  title =  "{Upgrade of the CMS Cathode Strip
Chambers for the HL-LHC}",
  url = "https://indico.cern.ch/event/868940/contributions/3813826/attachments/2080511/3494723/ICHEP_2020_CSC_SD_20200728_v5.pdf",
}

@article{CALABRIA20161042,
title = "{Large-size triple GEM detectors for the CMS forward muon upgrade}",
journal = {Nuclear and Particle Physics Proceedings},
volume = {273-275},
pages = {1042-1047},
year = {2016},
note = {37th International Conference on High Energy Physics (ICHEP)},
issn = {2405-6014},
doi = {https://doi.org/10.1016/j.nuclphysbps.2015.09.163},
url = {https://www.sciencedirect.com/science/article/pii/S2405601415006525},
author = {C. Calabria}
}

@article{trigger,
author = {Collaboration, SMS and Warsaw, CMS and Pozniak, Krzysztof and Romaniuk, Ryszard and Zabolotny, Wojciech},
year = {2010},
month = {03},
pages = {T03005},
title = "{Commissioning of CMS HLT}",
volume = {5},
journal = {Journal of Instrumentation},
doi = {10.1088/1748-0221/5/03/T03005}
}

@unpublished{Barney:2120661,
      author        = "Barney, David",
      title         = "{CMS Detector Slice}",
      year          = "2016",
      url           = "https://cds.cern.ch/record/2120661",
      note          = "CMS Collection.",
}

@techreport{Martelli:2281440,
      author        = "Martelli, Arabella",
      collaboration = "onbehalfoftheCMS",
      title         = "{The CMS HGCAL detector for HL-LHC upgrade. The CMS HGCAL
                       detector for HL-LHC upgrade}",
      archivePrefix = "arXiv",
      eprint        = "1708.08234",
      year          = "2017",
      url           = "https://cds.cern.ch/record/2281440",
      note          = "proceedings of the LHCP2017 conference, 6 pages, 8
                       figures",
}

@article{Quast:2791449,
      author        = "Quast, Thorben",
      collaboration = "CMS",
      title         = "{Status and Plans for the CMS High Granularity Calorimeter
                       Upgrade Project}",
      archivePrefix = "arXiv",
      eprint        = "2111.12455",
      journal       = "J. Phys. : Conf. Ser.",
      volume        = "2374",
      number        = "1",
      pages         = "012020",
      year          = "2022",
      url           = "https://cds.cern.ch/record/2791449",
      doi           = "10.1088/1742-6596/2374/1/012020",
}

@TECHREPORT{CSCGas,
  title =  "{Development of Gas Systems for Gaseous Detector
Operation at HL-LHC}",
  url = "https://indico.in2p3.fr/event/23225/sessions/14389/attachments/62170/85020/PhDday_Lyon_MCorbetta.pdf",
}

@TECHREPORT{gif,
  title =  "{The Gamma Irradiation Facility GIF++ during and beyond Run 3}",
  url = "https://ep-news.web.cern.ch/content/gamma-irradiation-facility-gif-during-and-beyond-run-3",
}

@article{electron,
      author        = "SMITH, GEORGE E. ",
      title         = "{J. J. Thomson and The Electron: 1897–1899 An Introduction}",
      journal       = "The Chemical Educator",
      volume        = "2",
      number        = "6",
      pages         = "1",
      year          = "1997",
      url           = "https://doi.org/10.1007/s00897970149a",
      doi           = "10.1007/s00897970149a",
}

@article{proton,
author = { E.   Rutherford   F.R.S. },
title = "{The scattering of $\alpha$ and $\beta$ particles by matter and the structure of the atom}",
journal = {Philosophical Magazine},
volume = {92},
number = {4},
pages = {379-398},
year  = {2012},
publisher = {Taylor & Francis},
doi = {10.1080/14786435.2011.617037},
URL = { 
        https://doi.org/10.1080/14786435.2011.617037
},
eprint = {
        https://doi.org/10.1080/14786435.2011.617037
}
}

@article{blackbody,
author = {Jain, Pushpendra},
year = {1991},
month = {05},
pages = {190-194},
title = {On blackbody radiation},
volume = {26},
journal = {Physics Education (IoP, UK)},
doi = {10.1088/0031-9120/26/3/011}
}

@article{shankland1964michelson,
  title={Michelson-morley experiment},
  author={Shankland, Robert S},
  journal={American Journal of Physics},
  volume={32},
  number={1},
  pages={16--35},
  year={1964},
  publisher={American Association of Physics Teachers},
  url  = "https://www.jstor.org/stable/24931696"
}

@Inbook{Gearhart2009,
author="Gearhart, Clayton",
editor="Greenberger, Daniel
and Hentschel, Klaus
and Weinert, Friedel",
title="Black-Body Radiation",
bookTitle="Compendium of Quantum Physics",
year="2009",
publisher="Springer Berlin Heidelberg",
address="Berlin, Heidelberg",
pages="39--42",
doi="10.1007/978-3-540-70626-7_14",
url="https://doi.org/10.1007/978-3-540-70626-7_14"
}

@article{einstein1905heuristic,
  title={On a heuristic point of view concerning the production and transformation of light},
  author={Einstein, Albert},
  journal={Annalen der Physik},
  pages={1--18},
  volume={322},
  year={1905},
url="https://doi.org/10.1002/andp.19053220607"
}

@article{bohr1913constitution,
  title={I. On the constitution of atoms and molecules},
  author={Bohr, Niels},
  journal={The London, Edinburgh, and Dublin Philosophical Magazine and Journal of Science},
  volume={26},
  number={151},
  pages={1--25},
  year={1913},
  publisher={Taylor \& Francis},
url="https://doi.org/10.1080/14786441308634955"
}

@misc{greene2000elegant,
  title={The elegant universe: Superstrings, hidden dimensions, and the quest for the ultimate theory},
  author={Greene, Brian},
  year={2000},
  publisher={American Association of Physics Teachers},
url="https://doi.org/10.1119/1.19379"
}

@book{menzel1960fundamental,
  title={Fundamental formulas of physics},
  author={Menzel, Donald Howard},
  volume={1},
  year={1960},
  publisher={Courier Corporation},
  url="https://doi.org/10.1119/1.1934100",
}

@article{waveparticle,
author = {Lima, Nathan and Nascimento, Matheus and Cavalcanti, Cláudio and Ostermann, Fernanda},
year = {2020},
month = {01},
pages = {},
title = "{Louis de Broglie's wave-particle duality: from textbooks’ blackboxes to a chain of reference presentation}",
volume = {42},
journal = {Revista Brasileira de Ensino de Física},
doi = {10.1590/1806-9126-rbef-2019-0134}
}

@book{uncer1,
url = {https://doi.org/10.1515/9781400889167},
title = {The Tests of Time},
title = {Readings in the Development of Physical Theory},
editor = {Lisa M. Dolling and Arthur F. Gianelli and Glenn N. Statile},
publisher = {Princeton University Press},
address = {Princeton},
doi = {doi:10.1515/9781400889167},
isbn = {9781400889167},
year = {2003},
lastchecked = {2023-07-05}
}

@book{uncer2,
  title={Quantum: Einstein, Bohr and the great debate about the nature of reality},
  author={Kumar, Manjit},
  year={2008},
  publisher={Icon Books Ltd},
  url="https://doi.org/10.1080/00107514.2010.546885",
}

@book{uncer3,
  title={{\"U}ber den anschaulichen Inhalt der quantentheoretischen Kinematik und Mechanik},
  author={Heisenberg, Werner},
  year={1985},
  publisher={Springer},
  url="https://doi.org/10.1007/BF01397280",
}

@book{schrodinger1,
  title={Collected papers on wave mechanics},
  author={Schr{\"o}dinger, Erwin},
  volume={302},
  year={2003},
  publisher={American Mathematical Soc.},
  url="https://doi.org/10.2307/3606729",
}

@article{schrodinger2,
author = {Schrödinger, E.},
title = {Quantisierung als Eigenwertproblem},
journal = {Annalen der Physik},
volume = {384},
number = {4},
pages = {361-376},
doi = {https://doi.org/10.1002/andp.19263840404},
url = {https://onlinelibrary.wiley.com/doi/abs/10.1002/andp.19263840404},
eprint = {https://onlinelibrary.wiley.com/doi/pdf/10.1002/andp.19263840404},
year = {1926}
}

@article{Khachatryan:2014ira,
      author         = "Khachatryan, Vardan and others",
      title          = "Observation of the diphoton decay of the {H}iggs boson and
                        measurement of its properties",
      collaboration  = "CMS",
      journal        = "Eur. Phys. J. C",
      volume         = "74",
      pages          = "3076",
      doi            = "10.1140/epjc/s10052-014-3076-z",
      year           = "2014",
      eprint         = "1407.0558",
      archivePrefix  = "arXiv",
      primaryClass   = "hep-ex",
      reportNumber   = "CMS-HIG-13-001, CERN-PH-EP-2014-117",
      SLACcitation   = "%%CITATION = ARXIV:1407.0558;%%",
}

@article{gross2010trial,
  title={Trial factors for the look elsewhere effect in high energy physics},
  author={Gross, Eilam and Vitells, Ofer},
  journal={The European Physical Journal C},
  volume={70},
  pages={525--530},
  year={2010},
doi            = "10.1140/epjc/s10052-010-1470-8",
url = "https://doi.org/10.1140/epjc/s10052-010-1470-8",
  publisher={Springer}
}